@misc{
	wiki-syt,
	title		= {Systemtechnik},
	url			= {https://de.wikipedia.org/wiki/Systemtechnik},
	publisher	= {Wikipedia},
	year		= 2018
}
